<?xml version="1.0" encoding="UTF-8"?><collection xmlns="http://www.loc.gov/MARC21/slim"><record><leader>00677nam--2200181-i-4500</leader><controlfield tag="001">000026286</controlfield><controlfield tag="002">20161230</controlfield><controlfield tag="005">20161230201036</controlfield><controlfield tag="008">060222s1000------------r-----000-0-eng-d</controlfield><datafield ind1=" " ind2=" " tag="040"><subfield code="a">IFIN-HH</subfield></datafield><datafield ind1=" " ind2=" " tag="080"><subfield code="a">536.7</subfield></datafield><datafield ind1="1" ind2=" " tag="100"><subfield code="a">Mccullough, John P</subfield></datafield><datafield ind1="1" ind2="0" tag="245"><subfield code="a">Experimental thermodynamics</subfield><subfield code="b">Volume i. calorimetry of non-reacting systems. prepared under the sponsorship of the international union of pure and applied chemistry, commission on thermodynamics and thermochemistry</subfield><subfield code="c">John p. mccullough; donald w. scott (eds.)</subfield></datafield><datafield ind1=" " ind2=" " tag="260"><subfield code="a">London</subfield><subfield code="b">Butterworths</subfield><subfield code="c">1968</subfield></datafield><datafield ind1=" " ind2=" " tag="300"><subfield code="a">XIX + 606P</subfield></datafield><datafield ind1="1" ind2=" " tag="700"><subfield code="a">Scott, Donald W</subfield><subfield code="e">Ed</subfield></datafield><datafield ind1=" " ind2=" " tag="852"><subfield code="a">30037</subfield><subfield code="c">536.7</subfield></datafield><datafield ind1=" " ind2=" " tag="CAT"><subfield code="a">Sys</subfield><subfield code="c">20110517</subfield><subfield code="h">121344</subfield></datafield></record></collection>